<record><leader>00000cas a22000007a 4500</leader><controlfield tag="001">9614881</controlfield><controlfield tag="008">830616d18921902ksuwr ne      0    0eng d</controlfield><controlfield tag="009">3789</controlfield><datafield ind1=" " ind2=" " tag="010"><subfield code="a">sn 83040242 </subfield></datafield><datafield ind1=" " ind2=" " tag="040"><subfield code="a">KSH</subfield><subfield code="b">eng</subfield><subfield code="c">KSH</subfield><subfield code="d">NPT</subfield></datafield><datafield ind1="1" ind2=" " tag="029"><subfield code="a">AU@</subfield><subfield code="b">000025792839</subfield></datafield><datafield ind1=" " ind2=" " tag="042"><subfield code="a">msc</subfield></datafield><datafield ind1=" " ind2=" " tag="043"><subfield code="a">n-us-ks</subfield></datafield><datafield ind1="0" ind2="0" tag="245"><subfield code="a">Kiowa review.</subfield></datafield><datafield ind1=" " ind2=" " tag="260"><subfield code="a">Kiowa, Kan. :</subfield><subfield code="b">[Hudson &amp; Watrus],</subfield><subfield code="c">1892-1902.</subfield></datafield><datafield ind1=" " ind2=" " tag="300"><subfield code="a">11 v. :</subfield><subfield code="b">ill. ;</subfield><subfield code="c">60 cm.</subfield></datafield><datafield ind1=" " ind2=" " tag="310"><subfield code="a">Weekly</subfield></datafield><datafield ind1="0" ind2=" " tag="362"><subfield code="a">Vol. 2, no. 18 (Apr. 13, 1892)-v. 12, no. 19 (Apr. 16, 1902).</subfield></datafield><datafield ind1=" " ind2=" " tag="500"><subfield code="a">Editor: C.C. Hudson.</subfield></datafield><datafield ind1="1" ind2=" " tag="700"><subfield code="a">Hudson, C. C.</subfield></datafield><datafield ind1=" " ind2=" " tag="752"><subfield code="a">United States</subfield><subfield code="b">Kansas</subfield><subfield code="c">Barber</subfield><subfield code="d">Kiowa.</subfield></datafield><datafield ind1="0" ind2="0" tag="780"><subfield code="t">Alliance review (Kiowa, Kan.)</subfield><subfield code="w">(DLC)sn 83040241</subfield></datafield><datafield ind1="0" ind2="7" tag="785"><subfield code="t">Kiowa news (Kiowa, Kan. : 1899)</subfield><subfield code="w">(DLC)sn 83040245</subfield></datafield><datafield ind1="0" ind2="7" tag="785"><subfield code="t">Kiowa news and review</subfield><subfield code="w">(DLC)sn 83040246</subfield></datafield></record>